% This file was created with JabRef 2.11.1.
% Encoding: ISO8859_1


@Misc{ciscom,
  Title                    = {{Implementing Mobile IPv6}},
  Author                   = {{Cisco Systems Inc.}},
  HowPublished             = {Online-Quelle},
  Month                    = {Juli},
  Note                     = {{\url{http://www.cisco.com/c/en/us/td/docs/ios-xml/ios/ipv6/configuration/15-2mt/ipv6-15-2mt-book/ip6-mobile.pdf}; zuletzt abgerufen am 26.01.2016}},
  Year                     = {2012}
}

@Misc{microsoft,
  Title                    = {{Understanding Mobile IPv6}},
  Author                   = {{Microsoft Inc.}},
  HowPublished             = {Online-Quelle},
  Month                    = {April},
  Note                     = {{\url{http://www.microsoft.com/en-us/download/details.aspx?id=10905}; zuletzt abgerufen am 23.12.2015}},
  Year                     = {2004}
}

